@article{jaworska2015adolescent,
  title={Adolescent brain development and mental health},
  author={Jaworska, Natalia and MacQueen, Glenda},
  journal={The Canadian Journal of Psychiatry},
  volume={60},
  number={9},
  pages={422--431},
  year={2015},
  publisher={SAGE Publications Sage CA: Los Angeles, CA}
}

@article{kranzler2016emotional,
  title={Emotional awareness: A transdiagnostic predictor of depression and anxiety for children and adolescents},
  author={Kranzler, Amy and Young, Jami F and Hankin, Benjamin L and Abela, John R and Elias, Maurice J and Selby, Edward A},
  journal={Journal of Clinical Child \& Adolescent Psychology},
  volume={45},
  number={3},
  pages={262--269},
  year={2016},
  publisher={Taylor \& Francis}
}

@article{kehoe2014tuning,
  title={Tuning in to teens: Improving parent emotion socialization to reduce youth internalizing difficulties},
  author={Kehoe, Christine E and Havighurst, Sophie S and Harley, Alice E},
  journal={Social Development},
  volume={23},
  number={2},
  pages={413--431},
  year={2014},
  publisher={Wiley Online Library}
}

@article{eisenberg2001relations,
  title={The relations of regulation and emotionality to children's externalizing and internalizing problem behavior},
  author={Eisenberg, Nancy and Cumberland, Amanda and Spinrad, Tracy L and Fabes, Richard A and Shepard, Stephanie A and Reiser, Mark and Murphy, Bridget C and Losoya, Sandra H and Guthrie, Ivanna K},
  journal={Child Development},
  volume={72},
  number={4},
  pages={1112--1134},
  year={2001},
  publisher={Wiley Online Library}
}